@ARTICLE{Bluemm2012,
  author = {Mirjam Blümm},
  title = {Zur Rolle der Deutschen Forschungsgemeinschaft (DFG) und des Joint
	Information Committee (JISC) innerhalb der deutschen und englischen
	Bibliothekslandschaft exemplifiziert an ausgewählten Tätigkeitsbereichen
	und Förderprojekten},
  journal = {Perspektive Bibliothek},
  year = {2012},
  volume = {1},
  number = {1},
  issn = {2194-8992},
  url = {http://archiv.ub.uni-heidelberg.de/ojs/index.php/bibliothek/article/view/9404},
  urldate = {2012-08-20}
}

@ELECTRONIC{komascript,
  author = {Markus Kohm and others},
  title = {KOMA-Script Documentation Project},
  url = {http://komascript.de/},
  owner = {tv},
  timestamp = {2012.08.20},
  urldate = {2012-08-20}
}
